%%%%%%%%%%%%%%%%%%%%%%%%%%%%%%%%%%%%%%%%%%%%%%%%%%%%%%%%%%%%%%%%%%

%%%%%%%%%%%%%%%%%%%%%%%%%% Chapitre 1 %%%%%%%%%%%%%%%%%%%%%%%%%%%%

%%%%%%%%%%%%%%%%%%%%%%%%%%%%%%%%%%%%%%%%%%%%%%%%%%%%%%%%%%%%%%%%%%

@article{chen2016state,
  author    = {Chen, Siyuan and Laefer, Debra F. and Mangina, Eleni},
  title     = {State of Technology Review of Civilian UAVs},
  journal   = {The Open Cybernetics \& Systemics Journal},
  volume    = {10},
  number    = {3},
  year      = {2016},
  doi       = {10.2174/1872212110666160712230039},
  url       = {http://hdl.handle.net/10197/8152},
  publisher = {Bentham Science Publishers}
}

@misc{agostino2016uavclassification,
  author       = {Agostino, Shane and Mammone, Matthew and Nelson, Matthieu and Zhou, Tong},
  title        = {Classification of Unmanned Aerial Vehicles},
  howpublished = {MECH ENG 3016 - Aeronautical Engineering Course Report, University of Adelaide},
  year         = {2016},
  note         = {Supervised by Dr. Maziar Arjomandi},
  url          = {http://www.airforce-technology.com/projects/x47/}
}

@article{charbonneau2021revue,
  author    = {Charbonneau, Patrick and Lemaître, Jérôme},
  title     = {Revue des applications et de l’utilité des drones en conservation de la faune},
  journal   = {Le Naturaliste canadien},
  volume    = {145},
  number    = {2},
  pages     = {3--34},
  year      = {2021},
  publisher = {Société Provancher d’histoire naturelle du Canada},
  doi       = {10.7202/1080620ar},
  url       = {https://id.erudit.org/iderudit/1080620ar},
  issn      = {1929-3208}
}


@article{ucgun2021uavcharging,
  title     = {Unmanned aerial vehicle charging stations},
  author    = {Ucgun, Hakan and Yuzgec, Ugur and Bayilmis, Cuneyt},
  journal   = {International Journal of Advanced Robotic Systems},
  volume    = {18},
  number    = {3},
  pages     = {1--20},
  year      = {2021},
  month     = {May--June},
  doi       = {10.1177/17298814211015863},
  publisher = {SAGE Publications},
  url       = {https://journals.sagepub.com/home/arx},
  note      = {© The Author(s) 2021. Article reuse guidelines: sagepub.com/journals-permissions}
}


@article{almahamid2024viznav,
  author    = {Almahamid, Fadi and Grolinger, Katarina},
  title     = {VizNav: A Modular Off-Policy Deep Reinforcement Learning Framework for Vision-Based Autonomous UAV Navigation in 3D Dynamic Environments},
  journal   = {Drones},
  volume    = {8},
  number    = {5},
  pages     = {173},
  year      = {2024},
  doi       = {10.3390/drones8050173},
  publisher = {MDPI}
}


%%%%%%%%%%%%%%%%%%%%%%%%%% Section 4 %%%%%%%%%%%%%%%%%%%%%%%%%%%%



@inproceedings{larrieu2014model,
  author    = {Larrieu, Nicolas},
  title     = {How Can Model Driven Development Approaches Improve the Certification Process for UAS?},
  booktitle = {2014 International Conference on Unmanned Aircraft Systems (ICUAS)},
  year      = {2014},
  pages     = {253--260},
  doi       = {10.1109/ICUAS.2014.6842263},
  publisher = {IEEE}
}


@inproceedings{kriz2015uranuslink,
  author    = {Kříž, Vlastimil and Gábrlík, Petr},
  title     = {UranusLink - Communication Protocol for UAV with Small Overhead and Encryption Ability},
  booktitle = {13th IFAC and IEEE Conference on Programmable Devices and Embedded Systems (PDES 2015)},
  year      = {2015},
  pages     = {474--479},
  doi       = {10.1016/j.ifacol.2015.07.080},
  publisher = {IFAC},
  address   = {Cracow, Poland},
  isbn      = {978-1-5108-1827-9},
  issn      = {1474-6670}
}



@article{koubaa2017mavlink,
  author    = {Koub{\^a}, Anis and Allouch, Azza and Alajlan, Maram and Javed, Yasir and Belghith, Abdelfettah and Khalgui, Mohamed},
  title     = {{Micro Air Vehicle Link (MAVLink) in a Nutshell: A Survey}},
  journal   = {IEEE Access},
  pages     = {},              
  year      = {2017},                 
  doi       = {10.1109/ACCESS.2017.DOI},
}

@article{allouch2019mavsec,
  author    = {Allouch, Azza and Khalgui, Mohamed and Cheikhrouhou, Omar and Abbes, Tarek and Koub{\^a}, Anis},
  title     = {{MAVSec: Securing the MAVLink Protocol for Ardupilot/PX4 Unmanned Aerial Systems}},
  journal   = {arXiv preprint arXiv:1905.00265},
  year      = {2019},
  month     = {may},
  note      = {Version 2, submitted to arXiv on 4 May 2019. 
               Azza Allouch: Faculty of Sciences of Tunis (FST), University of El Manar, Tunis, Tunisia; 
               LISI Laboratory (INSAT), \texttt{azza.allouch@coins-lab.org}. 
               Mohamed Khalgui: School of Electrical and Information Engineering, Jinan University, China; 
               LISI Laboratory (INSAT), University of Carthage, \texttt{khalgui.mohamed@gmail.com}. 
               Omar Cheikhrouhou: College of CIT, Taif University, Saudi Arabia; 
               Computer and Embedded Systems Laboratory, University of Sfax, \texttt{o.cheikhrouhou@tu.edu.sa}. 
               Tarek Abbes: Digital Security Research Unit, ENETCOM, University of Sfax, \texttt{tarek.abbes@enetcom.usf.tn}. 
               Anis Koub{\^a}: Prince Sultan University, Saudi Arabia; CISTER/INESC-TEC, ISEP, Portugal; Gaitech Robotics, China; \texttt{akoubaa@psu.edu.sa}.}
}

@incollection{khan2020emerging,
  author    = {Navid Ali Khan and Noor Zaman Jhanjhi and Sarfraz Nawaz Brohi and Anand Nayyar},
  title     = {Emerging Use of UAV's: Secure Communication Protocol Issues and Challenges},
  booktitle = {Drones in Smart-Cities},
  pages     = {37--55},
  year      = {2020},
  publisher = {Elsevier},
  doi       = {10.1016/B978-0-12-819972-5.00003-3},
  url       = {https://www.researchgate.net/publication/341957190}
}


@misc{mavlinkio,
  author       = {{MAVLink Development Team}},
  title        = {{MAVLink Protocol Documentation}},
  year         = {2024},
  howpublished = {\url{https://mavlink.io/en/}},
  note         = {Accessed: 2025-04-19}
}




%%%%%%%%%%%%%%%%%%%%%%%%%% Section 5 %%%%%%%%%%%%%%%%%%%%%%%%%%%%


@article{Cao2012,
  author    = {Y. Cao and W. Yu and W. Ren and G. Chen},
  title     = {An Overview of Recent Progress in the Study of Distributed Multi-Agent Coordination},
  journal   = {IEEE Transactions on Industrial Informatics},
  year      = {2012},
  volume    = {9},
  number    = {1},
  pages     = {427--438},
  doi       = {10.1109/TII.2012.2219061}
}


@article{Chen2020,
  author    = {Xi Chen and Jun Tang and Songyang Lao},
  title     = {Review of Unmanned Aerial Vehicle Swarm Communication Architectures and Routing Protocols},
  journal   = {Drones},
  year      = {2020},
  volume    = {4},
  number    = {2},
  pages     = {34},
  doi       = {10.3390/drones4020034},
  publisher = {MDPI},
  note      = {Received: 15 April 2020; Accepted: 22 May 2020; Published: 25 May 2020}
}




@article{kaleem2019uav,
  author    = {Kaleem, Zeeshan and Yousaf, Muhammad and Qamar, Anwaar and Ahmad, Awais and Duong, Trung Q. and Choi, Wonsuk and Jamalipour, Abbas},
  title     = {UAV-Empowered Disaster-Resilient Edge Architecture for Delay-Sensitive Communication},
  journal   = {IEEE Network},
  year      = {2019},
  volume    = {33},
  pages     = {124--132},
  doi       = {10.1109/MNET.2019.1800231}
}




@inproceedings{singh2015experimental,
  author    = {Singh, K. and Verma, A.K.},
  title     = {Experimental analysis of AODV, DSDV and OLSR routing protocol for flying adhoc networks (FANETs)},
  booktitle = {Proceedings of the 2015 IEEE International Conference on Electrical, Computer and Communication Technologies (ICECCT)},
  year      = {2015},
  pages     = {1--4},
  address   = {Tamilnadu, India},
  publisher = {IEEE},
  month     = {March},
  day       = {5--7},
  note      = {IEEE: New York, NY, USA},
}


@article{sandhu2012performance,
  author    = {Sandhu, D.S. and Sharma, S.},
  title     = {Performance evaluation of batman, DSR, OLSR routing protocols-A review},
  journal   = {J. Inf. Oper. Manag.},
  year      = {2012},
  volume    = {3},
  pages     = {225},
}


@article{zungerua2012classical,
  author    = {Zungerua, Adamu Murtala and Ang, Li-Minn and Seng, Kah Phooi},
  title     = {Classical and swarm intelligence based routing protocols for wireless sensor networks: A survey and comparison},
  journal   = {Journal of Network and Computer Applications},
  year      = {2012},
  volume    = {35},
  number    = {5},
  pages     = {1508--1536},
  publisher = {Elsevier}
}



@article{idk,
  title     = {Unmanned aerial vehicle charging stations},
  author    = {Ucgun, Hakan and Yuzgec, Ugur and Bayilmis, Cuneyt},
  journal   = {International Journal of Advanced Robotic Systems},
  volume    = {18},
  number    = {3},
  pages     = {1--20},
  year      = {2021},
  month     = {May--June},
  doi       = {10.1177/17298814211015863},
  publisher = {SAGE Publications},
  url       = {https://journals.sagepub.com/home/arx},
  note      = {© The Author(s) 2021. Article reuse guidelines: sagepub.com/journals-permissions}
}



%%%%%%%%%%%%%%%%%%%%%%%%%%%%%%%%%%%%%%%%%%%%%%%%%%%%%%%%%%%%%%%%%%

%%%%%%%%%%%%%%%%%%%%%%%%%% Chapitre 2 %%%%%%%%%%%%%%%%%%%%%%%%%%%%

%%%%%%%%%%%%%%%%%%%%%%%%%%%%%%%%%%%%%%%%%%%%%%%%%%%%%%%%%%%%%%%%%%

%main
@article{kurunathan2022machine,
  title={Machine Learning-Aided Operations and Communications of Unmanned Aerial Vehicles: A Contemporary Survey},
  author={Kurunathan, Harrison and Huang, Hailong and Li, Kai and Ni, Wei and Hossain, Ekram},
  journal={arXiv preprint arXiv:2211.04324},
  year={2022}
}


%162
@article{annepu2020uav,
  author    = {V. Annepu and A. Rajesh},
  title     = {An unmanned aerial vehicle-aided node localization using an efficient multilayer perceptron neural network in wireless sensor networks},
  journal   = {Neural Computing and Applications},
  volume    = {32},
  number    = {15},
  pages     = {11651--11663},
  year      = {2020},
  publisher = {Springer}
}


%185
@article{annepu2021radial,
  author    = {V. Annepu and R. A and K. Bagadi},
  title     = {Radial basis function-based node localization for unmanned aerial vehicle-assisted 5G wireless sensor networks},
  journal   = {Neural Computing and Applications},
  month     = {Mar},
  year      = {2021},
  publisher = {Springer}
}


%140
@article{abedin2020data,
  author    = {S. F. Abedin and M. S. Munir and N. H. Tran and Z. Han and C. S. Hong},
  title     = {Data freshness and energy-efficient UAV navigation optimization: A deep reinforcement learning approach},
  journal   = {IEEE Transactions on Intelligent Transportation Systems},
  year      = {2020}
}

%188
@article{ferdowsi2021neural,
  author    = {A. Ferdowsi and M. A. Abd-Elmagid and W. Saad and H. S. Dhillon},
  title     = {Neural combinatorial deep reinforcement learning for age-optimal joint trajectory and scheduling design in UAV-assisted networks},
  journal   = {IEEE Journal on Selected Areas in Communications},
  volume    = {39},
  number    = {5},
  pages     = {1250--1265},
  year      = {2021}
}


%245
@article{Abdulridha2020,
  author = {J. Abdulridha, Y. Ampatzidis, P. Kakarla, S. C. Roberts},
  title = {Detection of target spot and bacterial spot diseases in tomato using UAV-based and benchtop-based hyperspectral imaging techniques},
  journal = {Precision Agriculture},
  volume = {21},
  number = {5},
  pages = {955--978},
  year = {2020}
}


%247
@article{Tamouridou2017,
  author = {A. A. Tamouridou, T. K. Alexandridis, X. E. Pantazi, A. L. Lagopodi, J. Kashefi, D. Kasampalis, G. Kontouris, D. Moshou},
  title = {Application of multilayer perceptron with automatic relevance determination on weed mapping using UAV multispectral imagery},
  journal = {Sensors},
  volume = {17},
  number = {10},
  pages = {2307},
  year = {2017}
}

%177
@article{villa2016uav,
  author    = {T. F. Villa and F. Salimi and K. Morton and L. Morawska and F. Gonzalez},
  title     = {Development and validation of a UAV based system for air pollution measurements},
  journal   = {Sensors},
  volume    = {16},
  number    = {12},
  pages     = {2202},
  year      = {2016},
  publisher = {MDPI}
}


%178
@inproceedings{niu2020estimating,
  author    = {H. Niu and D. Wang and Y. Chen},
  title     = {Estimating crop coefficients using linear and deep stochastic configuration networks models and UAV-based normalized difference vegetation index (NDVI)},
  booktitle = {2020 International Conference on Unmanned Aircraft Systems (ICUAS)},
  pages     = {1485--1490},
  year      = {2020},
  publisher = {IEEE}
}


%266
@article{kim2019retrieving,
  author    = {J. S. Kim and D. Baek and I. W. Seo and J. Shin},
  title     = {Retrieving shallow stream bathymetry from UAV-assisted RGB imagery using a geospatial regression method},
  journal   = {Geomorphology},
  volume    = {341},
  pages     = {102--114},
  year      = {2019},
  publisher = {Elsevier}
}


$268
@article{huang2021navigating,
  author    = {H. Huang and A. V. Savkin},
  title     = {Navigating UAVs for optimal monitoring of groups of moving pedestrians or vehicles},
  journal   = {IEEE Transactions on Vehicular Technology},
  volume    = {70},
  number    = {4},
  pages     = {3891--3896},
  year      = {2021},
  publisher = {IEEE}
}


%%%%%%%%%%%%%%%%%%%%%%%%%%%%%%%%%%%%%%%%%%%%%%%%%%%%%%%%%%%%%%%%%%


@article{tsao2022survey,
  title={A survey of cyber security threats and solutions for UAV communications and flying ad-hoc networks},
  author={Tsao, Kai-Yun and Girdler, Thomas and Vassilakis, Vassilios G.},
  journal={Ad Hoc Networks},
  volume={132},
  pages={102859},
  year={2022},
  publisher={Elsevier},
  doi={10.1016/j.adhoc.2022.102859},
  url={https://www.sciencedirect.com/science/article/pii/S1570870522000853}
}

@inproceedings{sen2011mechanism,
  author    = {J. Sen and S. Koilakonda and A. Ukil},
  title     = {A mechanism for detection of cooperative black hole attack in mobile ad hoc networks},
  booktitle = {2011 Second International Conference on Intelligent Systems, Modelling and Simulation},
  year      = {2011},
  pages     = {338--343}
}



%%%%%%%%%%%%%%%%%%%%%%%%%%%%%%%%%%%%%%%%%%%%%%%%%%%%%%%%%%%%%%%%%%

%%%%%%%%%%%%%%%%%%%%%%%%%% Chapitre 3 %%%%%%%%%%%%%%%%%%%%%%%%%%%%

%%%%%%%%%%%%%%%%%%%%%%%%%%%%%%%%%%%%%%%%%%%%%%%%%%%%%%%%%%%%%%%%%%
@article{bashir2024closedloop,
  author    = {Bashir, Nouman and Boudjit, Saadi and Zeadally, Sherali},
  title     = {A Closed-loop Control Architecture of UAV and WSN for Traffic Surveillance on Highways},
  journal   = {L2TI, Institut Galilée, Université Sorbonne Paris Nord},
  year      = {2024},
  publisher = {University of Kentucky}
}


@article{gupta2015survey,
  author    = {Gupta, Lav and Jain, Raj and Vaszkun, Gabor},
  title     = {Survey of Important Issues in UAV Communication Networks},
  journal   = {IEEE Communications Surveys \& Tutorials},
  volume    = {18},
  number    = {2},
  pages     = {1123--1152},
  year      = {2016},
  doi       = {10.1109/COMST.2015.2495297},
  url       = {https://ieeexplore.ieee.org/document/7317490}
}



@article{srinivasan2004atss,
  author    = {Srinivasan, Suman and Latchman, Haniph and Shea, John and Wong, Tan and McNair, Janice},
  title     = {Airborne Traffic Surveillance Systems - Video Surveillance of Highway Traffic},
  journal   = {Proceedings of the ACM International Workshop on Video Surveillance and Sensor Networks (VSSN)},
  year      = {2004},
  pages     = {1--8},
  publisher = {ACM}
}


@inproceedings{chen2007realtime,
  author    = {Chen, Yu Ming and Dong, Liang and Oh, Jun-Seok},
  title     = {Real-Time Video Relay for UAV Traffic Surveillance Systems Through Available Communication Networks},
  booktitle = {Proceedings of the IEEE Wireless Communications and Networking Conference (WCNC)},
  year      = {2007},
  pages     = {2604--2609},
  publisher = {IEEE},
  address   = {Kowloon, Hong Kong}
}




@inproceedings{khan2024smarttraffic,
  author    = {Khan, Navid Ali and Jhanjhi, N. Z. and Brohi, Sarfraz Nawaz and Usmani, Raja Sher Afgun and Nayyar, Anand},
  title     = {Smart Traffic Monitoring System Using Unmanned Aerial Vehicles (UAVs)},
  booktitle = {Proceedings of the IEEE Conference on Intelligent Transportation Systems (ITSC)},
  year      = {2024},
  publisher = {IEEE},
  address   = {Subang Jaya, Malaysia and Da Nang, Viet Nam}
}

@inproceedings{elloumi2018monitoring,
  author    = {Elloumi, Mouna and Dhaou, Riadh and Escrig, Benoît and Idoudi, Hanen and Saidane, Leila},
  title     = {Monitoring road traffic with a UAV-based system},
  booktitle = {IEEE Wireless Communications and Networking Conference (WCNC 2018)},
  year      = {2018},
  month     = {April},
  address   = {Barcelona, Spain},
  pages     = {1--6},
  doi       = {10.1109/WCNC.2018.8377077},
  url       = {https://hal.science/hal-02124406}
}



@article{oubbati2019leveraging,
  author    = {Oubbati, O. S and Lakas, A and Lorenz, P and Atiquzzaman, M and Jamalipour, A},
  title     = {Leveraging communicating UAVs for emergency vehicle guidance in urban areas},
  journal   = {IEEE Transactions on Emerging Topics in Computing},
  volume    = {9},
  pages     = {1070--1082},
  year      = {2019},
  doi       = {10.1109/TETC.2019.XXXXXXX},
  url       = {https://ieeexplore.ieee.org/document/XXXXXXX}
}






@article{bashir2022closed,
  author    = {Bashir, Nouman and Boudjit, Saadi and Zeadally, Sherali},
  title     = {A Closed-loop Control Architecture of UAV and WSN for Traffic Surveillance on Highways},
  journal   = {Computer Communications},
  volume    = {190},
  pages     = {78--86},
  year      = {2022},
  doi       = {10.1016/j.comcom.2022.04.008},
  url       = {https://doi.org/10.1016/j.comcom.2022.04.008}
}



%%%%%%%%%%%%%%%%%%%%%%%%%%%%%%%%%%%%%%%%%%%%%%%%%%%%%%%%%%%%%%%%%%



@article{he2020modeling,
  author    = {He, W. and Mu, X. and Zhang, L. and Zou, Y.},
  title     = {Modeling and trajectory tracking control for flapping-wing micro aerial vehicles},
  journal   = {IEEE/CAA Journal of Automatica Sinica},
  volume    = {8},
  number    = {1},
  pages     = {148--156},
  year      = {2020}
}

@article{pan2021hit,
  author    = {Pan, E. and Xu, H. and Yuan, H. and Peng, J. and Xu, W.},
  title     = {HIT-Hawk and HIT-Phoenix: Two kinds of flapping-wing flying robotic birds with wingspans beyond 2 meters},
  journal   = {Biomimetic Intelligence and Robotics},
  volume    = {1},
  pages     = {100002},
  year      = {2021}
}

@inproceedings{ma2015design,
  author    = {Ma, K. Y. and Chirarattananon, P. and Wood, R. J.},
  title     = {Design and fabrication of an insect-scale flying robot for control autonomy},
  booktitle = {2015 IEEE/RSJ International Conference on Intelligent Robots and Systems (IROS)},
  publisher = {IEEE},
  pages     = {1558--1564},
  year      = {2015}
}

@inproceedings{peterson2011experimental,
  author    = {Peterson, K. and Fearing, R. S.},
  title     = {Experimental dynamics of wing-assisted running for a bipedal ornithopter},
  booktitle = {2011 IEEE/RSJ International Conference on Intelligent Robots and Systems (IROS)},
  publisher = {IEEE},
  pages     = {5080--5086},
  year      = {2011}
}


@article{paranjape2013novel,
  author    = {Paranjape, A. A. and Chung, S. J. and Kim, J.},
  title     = {Novel dihedral-based control of flapping-wing aircraft with application to perching},
  journal   = {IEEE Transactions on Robotics},
  volume    = {29},
  number    = {5},
  pages     = {1071--1084},
  year      = {2013}
}


@inproceedings{rose2014comparison,
  author    = {Rose, C. and Fearing, R. S.},
  title     = {Comparison of ornithopter wind tunnel force measurements with free flight},
  booktitle = {2014 IEEE International Conference on Robotics and Automation (ICRA)},
  publisher = {IEEE},
  pages     = {1816--1821},
  year      = {2014}
}

@article{he2020dynamical,
  author    = {He, W. and Wang, T. and He, X. and Yang, L. J. and Kaynak, O.},
  title     = {Dynamical modeling and boundary vibration control of a rigid-flexible wing system},
  journal   = {IEEE/ASME Transactions on Mechatronics},
  volume    = {25},
  number    = {6},
  pages     = {2711--2721},
  year      = {2020}
}



@inproceedings{bapst2015design,
  author    = {Bapst, R. and Ritz, R. and Meier, L. and Pollefeys, M.},
  title     = {Design and implementation of an unmanned tail-sitter},
  booktitle = {2015 IEEE/RSJ International Conference on Intelligent Robots and Systems (IROS)},
  publisher = {IEEE},
  pages     = {1885--1890},
  year      = {2015}
}


@inproceedings{dsa2016suav,
  author    = {D’Sa, R. and Jenson, D. and Henderson, T. and Kilian, J. and Schulz, B. and Calvert, M. and Papanikolopoulos, N.},
  title     = {SUAV: Q - An improved design for a transformable solar-powered UAV},
  booktitle = {2016 IEEE/RSJ International Conference on Intelligent Robots and Systems (IROS)},
  publisher = {IEEE},
  pages     = {1609--1615},
  year      = {2016}
}


@inproceedings{zufferey2005toward,
  author    = {Zufferey, J. C. and Floreano, D.},
  title     = {Toward 30-gram autonomous indoor aircraft: Vision-based obstacle avoidance and altitude control},
  booktitle = {Proceedings of the 2005 IEEE International Conference on Robotics and Automation},
  publisher = {IEEE},
  pages     = {2594--2599},
  year      = {2005}
}


@inproceedings{daler2015flying,
  author    = {Daler, L. and Lecoeur, J. and Hahlen, P. B. and Floreano, D.},
  title     = {A flying robot with adaptive morphology for multi-modal locomotion},
  booktitle = {Proc. IEEE/RSJ International Conference on Intelligent Robots and Systems (IROS)},
  pages     = {1361--1366},
  year      = {2015}
}

@inproceedings{bryson2011comparison,
  author    = {Bryson, Mitch and Sukkarieh, Salah},
  title     = {A comparison of feature and pose-based mapping using vision, inertial and GPS on a UAV},
  booktitle = {2011 IEEE/RSJ International Conference on Intelligent Robots and Systems (IROS)},
  publisher = {IEEE},
  pages     = {4256--4262},
  year      = {2011},
  doi       = {10.1109/IROS.2011.6094741}
}


@inproceedings{papachristos2013model,
  author    = {Papachristos, Christos and Alexis, Kostas and Tzes, Anthony},
  title     = {Model predictive hovering-translation control of an unmanned tri-tiltrotor},
  booktitle = {2013 IEEE International Conference on Robotics and Automation (ICRA)},
  publisher = {IEEE},
  pages     = {5425--5432},
  year      = {2013},
  doi       = {10.1109/ICRA.2013.6631316}
}


@article{hemakumara2013learning,
  author    = {Hemakumara, P. and Sukkarieh, S.},
  title     = {Learning UAV stability and control derivatives using Gaussian processes},
  journal   = {IEEE Transactions on Robotics},
  volume    = {29},
  number    = {4},
  pages     = {813--824},
  year      = {2013},
  publisher = {IEEE},
  doi       = {10.1109/TRO.2013.2256692}
}

@inproceedings{morton2015solarpowered,
  author    = {Morton, S. and D’Sa, R. and Papanikolopoulos, N.},
  title     = {Solar powered UAV: Design and experiments},
  booktitle = {2015 IEEE/RSJ International Conference on Intelligent Robots and Systems (IROS)},
  pages     = {2460--2466},
  year      = {2015},
  publisher = {IEEE},
  doi       = {10.1109/IROS.2015.7353697}
}


@article{hara2009flying,
  author    = {Hara, N. and Tanaka, K. and Ohtake, H. and Wang, H.O.},
  title     = {Development of a flying robot with a pantograph-based variable wing mechanism},
  journal   = {IEEE Transactions on Robotics},
  volume    = {25},
  number    = {1},
  pages     = {79--87},
  year      = {2009},
  publisher = {IEEE},
  doi       = {10.1109/TRO.2008.2006863}
}


@inproceedings{muller2011autonomous,
  author    = {Muller, J. and Kohler, N. and Burgard, W.},
  title     = {Autonomous miniature blimp navigation with online motion planning and re-planning},
  booktitle = {2011 IEEE/RSJ International Conference on Intelligent Robots and Systems (IROS)},
  pages     = {4941--4946},
  year      = {2011},
  publisher = {IEEE},
  doi       = {10.1109/IROS.2011.6094785}
}





@article{woodward2014multimobat,
  author    = {Woodward, M. A. and Sitti, M.},
  title     = {Multimo-Bat: A Biologically Inspired Integrated Jumping–Gliding Robot},
  journal   = {International Journal of Robotics Research},
  volume    = {33},
  number    = {12},
  pages     = {1511--1529},
  year      = {2014},
  publisher = {SAGE Publications},
  doi       = {10.1177/0278364914532022}
}



@inproceedings{christoforou2010angular,
  author    = {Christoforou, E. G.},
  title     = {Angular Elevation Control of Robotic Kite Systems},
  booktitle = {2010 IEEE International Conference on Robotics and Automation (ICRA)},
  pages     = {614--619},
  year      = {2010},
  publisher = {IEEE},
  doi       = {10.1109/ROBOT.2010.5509947}
}




@article{kastelan2015fully,
  author    = {Kastelan, D. and Konz, M. and Rudolph, J.},
  title     = {Fully Actuated Tricopter with Pilot-Supporting Control},
  journal   = {IFAC-PapersOnLine},
  volume    = {48},
  number    = {9},
  pages     = {79--84},
  year      = {2015},
  publisher = {Elsevier},
  doi       = {10.1016/j.ifacol.2015.08.243}
}



@article{sababha2015rotor,
  author    = {Sababha, B. H. and Zu’bi, H. M. A. and Rawashdeh, O. A.},
  title     = {A Rotor-Tilt Free Tricopter UAV: Design, Modelling, and Stability Control},
  journal   = {International Journal of Mechatronics and Automation},
  volume    = {5},
  number    = {2–3},
  pages     = {107--113},
  year      = {2015},
  publisher = {Inderscience},
  doi       = {10.1504/IJMA.2015.072611}
}







@inproceedings{song2016modeling,
  author    = {Song, Z. and Li, K. and Cai, Z. and Wang, Y. and Liu, N.},
  title     = {Modeling and Maneuvering Control for Tricopter Based on the Back-Stepping Method},
  booktitle = {2016 IEEE Chinese Guidance, Navigation and Control Conference (CGNCC)},
  pages     = {889--894},
  year      = {2016},
  publisher = {IEEE},
  doi       = {10.1109/CGNCC.2016.7829013}
}

@inproceedings{driessens2013efficient,
  author    = {Driessens, S. and Pounds, P. E.},
  title     = {Towards a More Efficient Quadrotor Configuration},
  booktitle = {2013 IEEE/RSJ International Conference on Intelligent Robots and Systems (IROS)},
  pages     = {1386--1392},
  year      = {2013},
  publisher = {IEEE},
  doi       = {10.1109/IROS.2013.6696502}
}

@inproceedings{oosedo2015flight,
  author    = {Oosedo, A. and Abiko, S. and Narasaki, S. and Kuno, A. and Konno, A. and Uchiyama, M.},
  title     = {Flight Control Systems of a Quad Tiltrotor Unmanned Aerial Vehicle for a Large Attitude Change},
  booktitle = {2015 IEEE International Conference on Robotics and Automation (ICRA)},
  pages     = {2326--2331},
  year      = {2015},
  publisher = {IEEE},
  doi       = {10.1109/ICRA.2015.7139490}
}

@inproceedings{mulgaonkar2015design,
  author    = {Mulgaonkar, Y. and Cross, G. and Kumar, V.},
  title     = {Design of Small, Safe and Robust Quadrotor Swarms},
  booktitle = {2015 IEEE International Conference on Robotics and Automation (ICRA)},
  pages     = {2208--2215},
  year      = {2015},
  publisher = {IEEE},
  doi       = {10.1109/ICRA.2015.7139461}
}

@inproceedings{ishiki2015design,
  author    = {Ishiki, T. and Kumon, M.},
  title     = {Design Model of Microphone Arrays for Multirotor Helicopters},
  booktitle = {2015 IEEE/RSJ International Conference on Intelligent Robots and Systems (IROS)},
  pages     = {6143--6148},
  year      = {2015},
  publisher = {IEEE},
  doi       = {10.1109/IROS.2015.7354193}
}

@inproceedings{kalantari2013hytaq,
  author    = {Kalantari, A. and Spenko, M.},
  title     = {Design and Experimental Validation of HYTAQ, a Hybrid Terrestrial and Aerial Quadrotor},
  booktitle = {2013 IEEE International Conference on Robotics and Automation (ICRA)},
  pages     = {4445--4450},
  year      = {2013},
  publisher = {IEEE},
  doi       = {10.1109/ICRA.2013.6631208}
}

@inproceedings{okada2016real,
  author    = {Okada, Y. and Ishii, T. and Ohno, K. and Tadokoro, S.},
  title     = {Real-Time Restoration of Aerial Inspection Images by Recognizing and Removing Passive Rotating Shell of a UAV},
  booktitle = {2016 IEEE/RSJ International Conference on Intelligent Robots and Systems (IROS)},
  pages     = {5006--5012},
  year      = {2016},
  publisher = {IEEE},
  doi       = {10.1109/IROS.2016.7759737}
}








@inproceedings{kalantari2015autonomous,
  author    = {Kalantari, A. and Mahajan, K. and Ruffatto, D. and Spenko, M.},
  title     = {Autonomous Perching and Take-off on Vertical Walls for a Quadrotor Micro Air Vehicle},
  booktitle = {2015 IEEE International Conference on Robotics and Automation (ICRA)},
  pages     = {4669--4674},
  year      = {2015},
  publisher = {IEEE},
  doi       = {10.1109/ICRA.2015.7139814}
}

@inproceedings{abeywardena2016fast,
  author    = {Abeywardena, D. and Huang, S. and Barnes, B. and Dissanayake, G. and Kodagoda, S.},
  title     = {Fast, On-Board, Model-Aided Visual-Inertial Odometry System for Quadrotor Micro Aerial Vehicles},
  booktitle = {2016 IEEE International Conference on Robotics and Automation (ICRA)},
  pages     = {1530--1537},
  year      = {2016},
  publisher = {IEEE},
  doi       = {10.1109/ICRA.2016.7487274}
}

@inproceedings{shen2014multi,
  author    = {Shen, S. and Mulgaonkar, Y. and Michael, N. and Kumar, V.},
  title     = {Multi-Sensor Fusion for Robust Autonomous Flight in Indoor and Outdoor Environments with a Rotorcraft MAV},
  booktitle = {2014 IEEE International Conference on Robotics and Automation (ICRA)},
  pages     = {4974--4981},
  year      = {2014},
  publisher = {IEEE},
  doi       = {10.1109/ICRA.2014.6907573}
}

@inproceedings{papachristos2015aerial,
  author    = {Papachristos, C. and Tzoumanikas, D. and Tzes, A.},
  title     = {Aerial Robotic Tracking of a Generalized Mobile Target Employing Visual and Spatiotemporal Dynamic Subject Perception},
  booktitle = {2015 IEEE/RSJ International Conference on Intelligent Robots and Systems (IROS)},
  pages     = {4319--4324},
  year      = {2015},
  publisher = {IEEE},
  doi       = {10.1109/IROS.2015.7353967}
}

@inproceedings{latscha2014design,
  author    = {Latscha, S. and Kofron, M. and Stroffolino, A. and Davis, L. and Merritt, G. and Piccoli, M. and Yim, M.},
  title     = {Design of a Hybrid Exploration Robot for Air and Land Deployment (HERALD) for Urban Search and Rescue Applications},
  booktitle = {2014 IEEE/RSJ International Conference on Intelligent Robots and Systems (IROS)},
  pages     = {1868--1873},
  year      = {2014},
  publisher = {IEEE},
  doi       = {10.1109/IROS.2014.6942806}
}

@inproceedings{darivianakis2014hybrid,
  author    = {Darivianakis, G. and Alexis, K. and Burri, M. and Siegwart, R.},
  title     = {Hybrid Predictive Control for Aerial Robotic Physical Interaction Towards Inspection Operations},
  booktitle = {2014 IEEE International Conference on Robotics and Automation (ICRA)},
  pages     = {53--58},
  year      = {2014},
  publisher = {IEEE},
  doi       = {10.1109/ICRA.2014.6906597}
}










@inproceedings{nguyen2016real,
  author    = {Nguyen, P. D. and Recchiuto, C. T. and Sgorbissa, A.},
  title     = {Real-Time Path Generation for Multicopters in Environments with Obstacles},
  booktitle = {2016 IEEE/RSJ International Conference on Intelligent Robots and Systems (IROS)},
  pages     = {1582--1588},
  year      = {2016},
  publisher = {IEEE},
  doi       = {10.1109/IROS.2016.7759231}
}

@inproceedings{park2016design,
  author    = {Park, S. and Her, J. and Kim, J. and Lee, D.},
  title     = {Design, Modeling and Control of Omni-Directional Aerial Robot},
  booktitle = {2016 IEEE/RSJ International Conference on Intelligent Robots and Systems (IROS)},
  pages     = {1570--1575},
  year      = {2016},
  publisher = {IEEE},
  doi       = {10.1109/IROS.2016.7759229}
}

@article{jannoura2015monitoring,
  author    = {Jannoura, R. and Brinkmann, K. and Uteau, D. and Bruns, C. and Joergensen, R.G.},
  title     = {Monitoring of Crop Biomass Using True Colour Aerial Photographs Taken from a Remote Controlled Hexacopter},
  journal   = {Biosystems Engineering},
  volume    = {129},
  pages     = {341--351},
  year      = {2015},
  doi       = {10.1016/j.biosystemseng.2014.11.007}
}

@article{ligthart2017experimentally,
  author    = {Ligthart, J. A. and Poksawat, P. and Wang, L. and Nijmeijer, H.},
  title     = {Experimentally Validated Model Predictive Controller for a Hexacopter},
  journal   = {IFAC-PapersOnLine},
  volume    = {50},
  number    = {1},
  pages     = {4076--4081},
  year      = {2017},
  doi       = {10.1016/j.ifacol.2017.08.934}
}

@article{lancovs2017building,
  author    = {Lancovs, D.},
  title     = {Building, Verifying and Validating a Collision Avoidance Model for Unmanned Aerial Vehicles},
  journal   = {Procedia Engineering},
  volume    = {178},
  pages     = {155--161},
  year      = {2017},
  doi       = {10.1016/j.proeng.2017.01.089}
}

@inproceedings{brescianini2016design,
  author    = {Brescianini, D. and D’Andrea, R.},
  title     = {Design, Modeling and Control of an Omni-Directional Aerial Vehicle},
  booktitle = {2016 IEEE International Conference on Robotics and Automation (ICRA)},
  pages     = {3261--3266},
  year      = {2016},
  publisher = {IEEE},
  doi       = {10.1109/ICRA.2016.7487465}
}

@inproceedings{schneider2016fast,
  author    = {Schneider, J. and Eling, C. and Klingbeil, L. and Kuhlmann, H. and Förstner, W. and Stachniss, C.},
  title     = {Fast and Effective Online Pose Estimation and Mapping for UAVs},
  booktitle = {2016 IEEE International Conference on Robotics and Automation (ICRA)},
  pages     = {4784--4791},
  year      = {2016},
  publisher = {IEEE},
  doi       = {10.1109/ICRA.2016.7487661}
}





